<?xml version="1.0" encoding="UTF-8"?><record xmlns="http://www.loc.gov/MARC21/slim" xmlns:cinclude="http://apache.org/cocoon/include/1.0" xmlns:zs="http://www.loc.gov/zing/srw/">
  <leader>00526cz  a2200157n  4500</leader>
  <controlfield tag="001">n  85254363 </controlfield>
  <controlfield tag="003">DLC</controlfield>
  <controlfield tag="005">20080421075051.0</controlfield>
  <controlfield tag="008">860924n| acannaabn          |a aaa      </controlfield>
  <datafield tag="010" ind1=" " ind2=" ">
    <subfield code="a">n  85254363 </subfield>
  </datafield>
  <datafield tag="035" ind1=" " ind2=" ">
    <subfield code="a">(OCoLC)oca01753744</subfield>
  </datafield>
  <datafield tag="040" ind1=" " ind2=" ">
    <subfield code="a">DLC</subfield>
    <subfield code="b">eng</subfield>
    <subfield code="c">DLC</subfield>
    <subfield code="d">OCoLC</subfield>
  </datafield>
  <datafield tag="100" ind1="1" ind2=" ">
    <subfield code="a">Loor, Isidoor de,</subfield>
    <subfield code="d">1881-1916</subfield>
  </datafield>
  <datafield tag="400" ind1="1" ind2=" ">
    <subfield code="a">De Loor, Isidoor,</subfield>
    <subfield code="d">1881-1916</subfield>
  </datafield>
  <datafield tag="400" ind1="0" ind2=" ">
    <subfield code="a">Isidoor,</subfield>
    <subfield code="c">broeder,</subfield>
    <subfield code="d">1881-1916</subfield>
  </datafield>
  <datafield tag="670" ind1=" " ind2=" ">
    <subfield code="a">Gielen, H. Het diepste lied zingt binnenin, 1984:</subfield>
    <subfield code="b">t.p. (zalige broeder Isidoor de Loor (1881-1916)) p. 7 (Broeder Isidoor)</subfield>
  </datafield>
</record>